<?xml version="1.0" encoding="UTF-8"?><collection xmlns="http://www.loc.gov/MARC21/slim"><record><leader>00648nam--2200217-i-4500</leader><controlfield tag="001">000001651</controlfield><controlfield tag="002">20161230</controlfield><controlfield tag="005">20161230201024</controlfield><controlfield tag="008">060222s1000------------r-----000-0-eng-d</controlfield><datafield ind1=" " ind2=" " tag="020"><subfield code="a">0472083058</subfield></datafield><datafield ind1=" " ind2=" " tag="040"><subfield code="a">IFIN-HH</subfield></datafield><datafield ind1=" " ind2=" " tag="080"><subfield code="a">800.7.802.0</subfield></datafield><datafield ind1="1" ind2=" " tag="100"><subfield code="a">Franklin, Harry B</subfield></datafield><datafield ind1="1" ind2="0" tag="245"><subfield code="a">Vocabulary in context</subfield><subfield code="c">Harry b. franklin, herbert g. meikle, jeris e. strain</subfield></datafield><datafield ind1=" " ind2=" " tag="250"><subfield code="a">Ninth Printing</subfield></datafield><datafield ind1=" " ind2=" " tag="260"><subfield code="a">Ann Arbor</subfield><subfield code="b">The University Of Michigan Press</subfield><subfield code="c">1972</subfield></datafield><datafield ind1=" " ind2=" " tag="300"><subfield code="a">IX + 192 P</subfield></datafield><datafield ind1=" " ind2=" " tag="490"><subfield code="a">An Intensive Course In English-english Language Institute</subfield></datafield><datafield ind1="1" ind2=" " tag="700"><subfield code="a">Strain, Jeris E</subfield></datafield><datafield ind1=" " ind2=" " tag="852"><subfield code="a">39123</subfield><subfield code="c">4</subfield></datafield><datafield ind1=" " ind2=" " tag="CAT"><subfield code="a">Sys</subfield><subfield code="c">20130201</subfield><subfield code="h">152531</subfield></datafield></record></collection>